%YAML 1.1
%TAG !u! tag:unity3d.com,2011:
--- !u!1 &2667854148301949115
GameObject:
  m_ObjectHideFlags: 0
  m_CorrespondingSourceObject: {fileID: 0}
  m_PrefabInstance: {fileID: 0}
  m_PrefabAsset: {fileID: 0}
  serializedVersion: 6
  m_Component:
  - component: {fileID: 2667854148301949114}
  m_Layer: 0
  m_Name: scene1
  m_TagString: Untagged
  m_Icon: {fileID: 0}
  m_NavMeshLayer: 0
  m_StaticEditorFlags: 0
  m_IsActive: 1
--- !u!4 &2667854148301949114
Transform:
  m_ObjectHideFlags: 0
  m_CorrespondingSourceObject: {fileID: 0}
  m_PrefabInstance: {fileID: 0}
  m_PrefabAsset: {fileID: 0}
  m_GameObject: {fileID: 2667854148301949115}
  m_LocalRotation: {x: 0, y: 0, z: 0, w: 1}
  m_LocalPosition: {x: 0, y: 0, z: 0}
  m_LocalScale: {x: 1, y: 1, z: 1}
  m_Children:
  - {fileID: 1006581222741518484}
  - {fileID: 2667854149215092072}
  m_Father: {fileID: 0}
  m_RootOrder: 0
  m_LocalEulerAnglesHint: {x: 0, y: 0, z: 0}
--- !u!1 &2667854149215092075
GameObject:
  m_ObjectHideFlags: 0
  m_CorrespondingSourceObject: {fileID: 0}
  m_PrefabInstance: {fileID: 0}
  m_PrefabAsset: {fileID: 0}
  serializedVersion: 6
  m_Component:
  - component: {fileID: 2667854149215092072}
  - component: {fileID: 2667854149215092073}
  - component: {fileID: 2667854149215092074}
  m_Layer: 0
  m_Name: STS1BG_00204
  m_TagString: Untagged
  m_Icon: {fileID: 0}
  m_NavMeshLayer: 0
  m_StaticEditorFlags: 0
  m_IsActive: 1
--- !u!4 &2667854149215092072
Transform:
  m_ObjectHideFlags: 0
  m_CorrespondingSourceObject: {fileID: 0}
  m_PrefabInstance: {fileID: 0}
  m_PrefabAsset: {fileID: 0}
  m_GameObject: {fileID: 2667854149215092075}
  m_LocalRotation: {x: -0, y: -0, z: -0, w: 1}
  m_LocalPosition: {x: 0, y: 0, z: 0}
  m_LocalScale: {x: 1, y: 1, z: 1}
  m_Children: []
  m_Father: {fileID: 2667854148301949114}
  m_RootOrder: 1
  m_LocalEulerAnglesHint: {x: 0, y: 0, z: 0}
--- !u!212 &2667854149215092073
SpriteRenderer:
  m_ObjectHideFlags: 0
  m_CorrespondingSourceObject: {fileID: 0}
  m_PrefabInstance: {fileID: 0}
  m_PrefabAsset: {fileID: 0}
  m_GameObject: {fileID: 2667854149215092075}
  m_Enabled: 1
  m_CastShadows: 0
  m_ReceiveShadows: 0
  m_DynamicOccludee: 1
  m_MotionVectors: 1
  m_LightProbeUsage: 1
  m_ReflectionProbeUsage: 1
  m_RayTracingMode: 0
  m_RenderingLayerMask: 1
  m_RendererPriority: 0
  m_Materials:
  - {fileID: 10754, guid: 0000000000000000f000000000000000, type: 0}
  m_StaticBatchInfo:
    firstSubMesh: 0
    subMeshCount: 0
  m_StaticBatchRoot: {fileID: 0}
  m_ProbeAnchor: {fileID: 0}
  m_LightProbeVolumeOverride: {fileID: 0}
  m_ScaleInLightmap: 1
  m_ReceiveGI: 1
  m_PreserveUVs: 0
  m_IgnoreNormalsForChartDetection: 0
  m_ImportantGI: 0
  m_StitchLightmapSeams: 1
  m_SelectedEditorRenderState: 0
  m_MinimumChartSize: 4
  m_AutoUVMaxDistance: 0.5
  m_AutoUVMaxAngle: 89
  m_LightmapParameters: {fileID: 0}
  m_SortingLayerID: 0
  m_SortingLayer: 0
  m_SortingOrder: 0
  m_Sprite: {fileID: 21300000, guid: edd3865c21ce6a944997ef823ae56148, type: 3}
  m_Color: {r: 1, g: 1, b: 1, a: 1}
  m_FlipX: 0
  m_FlipY: 0
  m_DrawMode: 0
  m_Size: {x: 14.4, y: 10.799999}
  m_AdaptiveModeThreshold: 0.5
  m_SpriteTileMode: 0
  m_WasSpriteAssigned: 1
  m_MaskInteraction: 0
  m_SpriteSortPoint: 0
--- !u!95 &2667854149215092074
Animator:
  serializedVersion: 3
  m_ObjectHideFlags: 0
  m_CorrespondingSourceObject: {fileID: 0}
  m_PrefabInstance: {fileID: 0}
  m_PrefabAsset: {fileID: 0}
  m_GameObject: {fileID: 2667854149215092075}
  m_Enabled: 1
  m_Avatar: {fileID: 0}
  m_Controller: {fileID: 9100000, guid: 04f654bbd8a2ec24591bcbb9cf1abdef, type: 2}
  m_CullingMode: 0
  m_UpdateMode: 0
  m_ApplyRootMotion: 0
  m_LinearVelocityBlending: 0
  m_WarningMessage: 
  m_HasTransformHierarchy: 1
  m_AllowConstantClipSamplingOptimization: 1
  m_KeepAnimatorControllerStateOnDisable: 0
--- !u!95 &2667854149773697390
Animator:
  serializedVersion: 3
  m_ObjectHideFlags: 0
  m_CorrespondingSourceObject: {fileID: 0}
  m_PrefabInstance: {fileID: 0}
  m_PrefabAsset: {fileID: 0}
  m_GameObject: {fileID: 4765946231773049205}
  m_Enabled: 1
  m_Avatar: {fileID: 0}
  m_Controller: {fileID: 9100000, guid: 8077ee381a1440340bb5e8e739afb24d, type: 2}
  m_CullingMode: 0
  m_UpdateMode: 0
  m_ApplyRootMotion: 0
  m_LinearVelocityBlending: 0
  m_WarningMessage: 
  m_HasTransformHierarchy: 1
  m_AllowConstantClipSamplingOptimization: 1
  m_KeepAnimatorControllerStateOnDisable: 0
--- !u!1001 &2667854149700414894
PrefabInstance:
  m_ObjectHideFlags: 0
  serializedVersion: 2
  m_Modification:
    m_TransformParent: {fileID: 2667854148301949114}
    m_Modifications:
    - target: {fileID: -5648131724590959833, guid: 4b8ab6a8024ee834db56f35d10e097a1,
        type: 3}
      propertyPath: m_Bounds.m_Center.x
      value: -0.0072250366
      objectReference: {fileID: 0}
    - target: {fileID: -5648131724590959833, guid: 4b8ab6a8024ee834db56f35d10e097a1,
        type: 3}
      propertyPath: m_Bounds.m_Center.y
      value: -0.06265926
      objectReference: {fileID: 0}
    - target: {fileID: -5648131724590959833, guid: 4b8ab6a8024ee834db56f35d10e097a1,
        type: 3}
      propertyPath: m_Bounds.m_Extent.x
      value: 1.0227752
      objectReference: {fileID: 0}
    - target: {fileID: 1782001670793392835, guid: 4b8ab6a8024ee834db56f35d10e097a1,
        type: 3}
      propertyPath: m_Bounds.m_Center.x
      value: 0.0105855465
      objectReference: {fileID: 0}
    - target: {fileID: 1782001670793392835, guid: 4b8ab6a8024ee834db56f35d10e097a1,
        type: 3}
      propertyPath: m_Bounds.m_Center.y
      value: -0.020604849
      objectReference: {fileID: 0}
    - target: {fileID: 2953806648221091130, guid: 4b8ab6a8024ee834db56f35d10e097a1,
        type: 3}
      propertyPath: m_LocalPosition.x
      value: 0.32278496
      objectReference: {fileID: 0}
    - target: {fileID: 2953806648221091130, guid: 4b8ab6a8024ee834db56f35d10e097a1,
        type: 3}
      propertyPath: m_LocalPosition.y
      value: -5.0965796
      objectReference: {fileID: 0}
    - target: {fileID: 2953806648221091130, guid: 4b8ab6a8024ee834db56f35d10e097a1,
        type: 3}
      propertyPath: m_LocalPosition.z
      value: 86.958984
      objectReference: {fileID: 0}
    - target: {fileID: 2953806648221091130, guid: 4b8ab6a8024ee834db56f35d10e097a1,
        type: 3}
      propertyPath: m_LocalRotation.x
      value: -0
      objectReference: {fileID: 0}
    - target: {fileID: 2953806648221091130, guid: 4b8ab6a8024ee834db56f35d10e097a1,
        type: 3}
      propertyPath: m_LocalRotation.y
      value: -0
      objectReference: {fileID: 0}
    - target: {fileID: 2953806648221091130, guid: 4b8ab6a8024ee834db56f35d10e097a1,
        type: 3}
      propertyPath: m_LocalRotation.z
      value: -0
      objectReference: {fileID: 0}
    - target: {fileID: 2953806648221091130, guid: 4b8ab6a8024ee834db56f35d10e097a1,
        type: 3}
      propertyPath: m_LocalRotation.w
      value: 1
      objectReference: {fileID: 0}
    - target: {fileID: 2953806648221091130, guid: 4b8ab6a8024ee834db56f35d10e097a1,
        type: 3}
      propertyPath: m_RootOrder
      value: 0
      objectReference: {fileID: 0}
    - target: {fileID: 2953806648221091130, guid: 4b8ab6a8024ee834db56f35d10e097a1,
        type: 3}
      propertyPath: m_LocalEulerAnglesHint.x
      value: 0
      objectReference: {fileID: 0}
    - target: {fileID: 2953806648221091130, guid: 4b8ab6a8024ee834db56f35d10e097a1,
        type: 3}
      propertyPath: m_LocalEulerAnglesHint.y
      value: 0
      objectReference: {fileID: 0}
    - target: {fileID: 2953806648221091130, guid: 4b8ab6a8024ee834db56f35d10e097a1,
        type: 3}
      propertyPath: m_LocalEulerAnglesHint.z
      value: 0
      objectReference: {fileID: 0}
    - target: {fileID: 3966252818807360155, guid: 4b8ab6a8024ee834db56f35d10e097a1,
        type: 3}
      propertyPath: m_Bounds.m_Center.x
      value: -0.16013038
      objectReference: {fileID: 0}
    - target: {fileID: 3966252818807360155, guid: 4b8ab6a8024ee834db56f35d10e097a1,
        type: 3}
      propertyPath: m_Bounds.m_Center.y
      value: 0.014660835
      objectReference: {fileID: 0}
    - target: {fileID: 3966252818807360155, guid: 4b8ab6a8024ee834db56f35d10e097a1,
        type: 3}
      propertyPath: m_Bounds.m_Extent.x
      value: 0.90667033
      objectReference: {fileID: 0}
    - target: {fileID: 3966252818807360155, guid: 4b8ab6a8024ee834db56f35d10e097a1,
        type: 3}
      propertyPath: m_Bounds.m_Extent.y
      value: 1.9319103
      objectReference: {fileID: 0}
    - target: {fileID: 6649374701129838071, guid: 4b8ab6a8024ee834db56f35d10e097a1,
        type: 3}
      propertyPath: m_Bounds.m_Center.x
      value: 0.013373971
      objectReference: {fileID: 0}
    - target: {fileID: 6649374701129838071, guid: 4b8ab6a8024ee834db56f35d10e097a1,
        type: 3}
      propertyPath: m_Bounds.m_Center.y
      value: -0.009999871
      objectReference: {fileID: 0}
    - target: {fileID: 6649374701129838071, guid: 4b8ab6a8024ee834db56f35d10e097a1,
        type: 3}
      propertyPath: m_Bounds.m_Extent.x
      value: 1.5216253
      objectReference: {fileID: 0}
    - target: {fileID: 6649374701129838071, guid: 4b8ab6a8024ee834db56f35d10e097a1,
        type: 3}
      propertyPath: m_Bounds.m_Extent.y
      value: 1.4250001
      objectReference: {fileID: 0}
    - target: {fileID: 7431526447497370843, guid: 4b8ab6a8024ee834db56f35d10e097a1,
        type: 3}
      propertyPath: m_Name
      value: "J\xE4nes"
      objectReference: {fileID: 0}
    m_RemovedComponents: []
  m_SourcePrefab: {fileID: -8760487184952979783, guid: 4b8ab6a8024ee834db56f35d10e097a1,
    type: 3}
--- !u!1 &4765946231773049205 stripped
GameObject:
  m_CorrespondingSourceObject: {fileID: 7431526447497370843, guid: 4b8ab6a8024ee834db56f35d10e097a1,
    type: 3}
  m_PrefabInstance: {fileID: 2667854149700414894}
  m_PrefabAsset: {fileID: 0}
--- !u!4 &1006581222741518484 stripped
Transform:
  m_CorrespondingSourceObject: {fileID: 2953806648221091130, guid: 4b8ab6a8024ee834db56f35d10e097a1,
    type: 3}
  m_PrefabInstance: {fileID: 2667854149700414894}
  m_PrefabAsset: {fileID: 0}
