%YAML 1.1
%TAG !u! tag:unity3d.com,2011:
--- !u!1 &1278418933345632627
GameObject:
  m_ObjectHideFlags: 0
  m_CorrespondingSourceObject: {fileID: 0}
  m_PrefabInstance: {fileID: 0}
  m_PrefabAsset: {fileID: 0}
  serializedVersion: 6
  m_Component:
  - component: {fileID: 1278418933345632628}
  m_Layer: 0
  m_Name: scene2
  m_TagString: Untagged
  m_Icon: {fileID: 0}
  m_NavMeshLayer: 0
  m_StaticEditorFlags: 0
  m_IsActive: 1
--- !u!4 &1278418933345632628
Transform:
  m_ObjectHideFlags: 0
  m_CorrespondingSourceObject: {fileID: 0}
  m_PrefabInstance: {fileID: 0}
  m_PrefabAsset: {fileID: 0}
  m_GameObject: {fileID: 1278418933345632627}
  m_LocalRotation: {x: 0, y: 0, z: 0, w: 1}
  m_LocalPosition: {x: 15.97, y: -0.01, z: 0}
  m_LocalScale: {x: 1, y: 1, z: 1}
  m_Children:
  - {fileID: 1278418934874899754}
  - {fileID: 2612630434206871941}
  m_Father: {fileID: 0}
  m_RootOrder: 0
  m_LocalEulerAnglesHint: {x: 0, y: 0, z: 0}
--- !u!1 &1278418934874899753
GameObject:
  m_ObjectHideFlags: 0
  m_CorrespondingSourceObject: {fileID: 0}
  m_PrefabInstance: {fileID: 0}
  m_PrefabAsset: {fileID: 0}
  serializedVersion: 6
  m_Component:
  - component: {fileID: 1278418934874899754}
  - component: {fileID: 1278418934874899756}
  - component: {fileID: 1278418934874899755}
  m_Layer: 0
  m_Name: sts2_BG_00001
  m_TagString: Untagged
  m_Icon: {fileID: 0}
  m_NavMeshLayer: 0
  m_StaticEditorFlags: 0
  m_IsActive: 1
--- !u!4 &1278418934874899754
Transform:
  m_ObjectHideFlags: 0
  m_CorrespondingSourceObject: {fileID: 0}
  m_PrefabInstance: {fileID: 0}
  m_PrefabAsset: {fileID: 0}
  m_GameObject: {fileID: 1278418934874899753}
  m_LocalRotation: {x: -0, y: -0, z: -0, w: 1}
  m_LocalPosition: {x: 0, y: 0, z: 0}
  m_LocalScale: {x: 1, y: 1, z: 1}
  m_Children: []
  m_Father: {fileID: 1278418933345632628}
  m_RootOrder: 0
  m_LocalEulerAnglesHint: {x: 0, y: 0, z: 0}
--- !u!212 &1278418934874899756
SpriteRenderer:
  m_ObjectHideFlags: 0
  m_CorrespondingSourceObject: {fileID: 0}
  m_PrefabInstance: {fileID: 0}
  m_PrefabAsset: {fileID: 0}
  m_GameObject: {fileID: 1278418934874899753}
  m_Enabled: 1
  m_CastShadows: 0
  m_ReceiveShadows: 0
  m_DynamicOccludee: 1
  m_MotionVectors: 1
  m_LightProbeUsage: 1
  m_ReflectionProbeUsage: 1
  m_RayTracingMode: 0
  m_RenderingLayerMask: 1
  m_RendererPriority: 0
  m_Materials:
  - {fileID: 10754, guid: 0000000000000000f000000000000000, type: 0}
  m_StaticBatchInfo:
    firstSubMesh: 0
    subMeshCount: 0
  m_StaticBatchRoot: {fileID: 0}
  m_ProbeAnchor: {fileID: 0}
  m_LightProbeVolumeOverride: {fileID: 0}
  m_ScaleInLightmap: 1
  m_ReceiveGI: 1
  m_PreserveUVs: 0
  m_IgnoreNormalsForChartDetection: 0
  m_ImportantGI: 0
  m_StitchLightmapSeams: 1
  m_SelectedEditorRenderState: 0
  m_MinimumChartSize: 4
  m_AutoUVMaxDistance: 0.5
  m_AutoUVMaxAngle: 89
  m_LightmapParameters: {fileID: 0}
  m_SortingLayerID: 0
  m_SortingLayer: 0
  m_SortingOrder: 0
  m_Sprite: {fileID: 21300000, guid: 360df1344310dbc46a55354faf73846c, type: 3}
  m_Color: {r: 1, g: 1, b: 1, a: 1}
  m_FlipX: 0
  m_FlipY: 0
  m_DrawMode: 0
  m_Size: {x: 14.4, y: 10.799999}
  m_AdaptiveModeThreshold: 0.5
  m_SpriteTileMode: 0
  m_WasSpriteAssigned: 1
  m_MaskInteraction: 0
  m_SpriteSortPoint: 0
--- !u!95 &1278418934874899755
Animator:
  serializedVersion: 3
  m_ObjectHideFlags: 0
  m_CorrespondingSourceObject: {fileID: 0}
  m_PrefabInstance: {fileID: 0}
  m_PrefabAsset: {fileID: 0}
  m_GameObject: {fileID: 1278418934874899753}
  m_Enabled: 1
  m_Avatar: {fileID: 0}
  m_Controller: {fileID: 9100000, guid: d92fd3992753d4a46b61928e54eded85, type: 2}
  m_CullingMode: 0
  m_UpdateMode: 0
  m_ApplyRootMotion: 0
  m_LinearVelocityBlending: 0
  m_WarningMessage: 
  m_HasTransformHierarchy: 1
  m_AllowConstantClipSamplingOptimization: 1
  m_KeepAnimatorControllerStateOnDisable: 0
--- !u!95 &1278418932966971750
Animator:
  serializedVersion: 3
  m_ObjectHideFlags: 0
  m_CorrespondingSourceObject: {fileID: 0}
  m_PrefabInstance: {fileID: 0}
  m_PrefabAsset: {fileID: 0}
  m_GameObject: {fileID: 7480764618293769660}
  m_Enabled: 1
  m_Avatar: {fileID: 0}
  m_Controller: {fileID: 9100000, guid: 54938a7e1f85b76468d88ba357d8f9b7, type: 2}
  m_CullingMode: 0
  m_UpdateMode: 0
  m_ApplyRootMotion: 0
  m_LinearVelocityBlending: 0
  m_WarningMessage: 
  m_HasTransformHierarchy: 1
  m_AllowConstantClipSamplingOptimization: 1
  m_KeepAnimatorControllerStateOnDisable: 0
--- !u!1001 &1278418934063933442
PrefabInstance:
  m_ObjectHideFlags: 0
  serializedVersion: 2
  m_Modification:
    m_TransformParent: {fileID: 1278418933345632628}
    m_Modifications:
    - target: {fileID: -6125779452110506371, guid: 2542832c47c87424a969f2289e8a7a5f,
        type: 3}
      propertyPath: m_Bounds.m_Center.x
      value: -0.006455004
      objectReference: {fileID: 0}
    - target: {fileID: -6125779452110506371, guid: 2542832c47c87424a969f2289e8a7a5f,
        type: 3}
      propertyPath: m_Bounds.m_Center.y
      value: 0.03791514
      objectReference: {fileID: 0}
    - target: {fileID: -6125779452110506371, guid: 2542832c47c87424a969f2289e8a7a5f,
        type: 3}
      propertyPath: m_Bounds.m_Extent.x
      value: 0.92354494
      objectReference: {fileID: 0}
    - target: {fileID: -6125779452110506371, guid: 2542832c47c87424a969f2289e8a7a5f,
        type: 3}
      propertyPath: m_Bounds.m_Extent.y
      value: 0.45746505
      objectReference: {fileID: 0}
    - target: {fileID: -5333327699521447545, guid: 2542832c47c87424a969f2289e8a7a5f,
        type: 3}
      propertyPath: m_LocalPosition.x
      value: -0.29063892
      objectReference: {fileID: 0}
    - target: {fileID: -5333327699521447545, guid: 2542832c47c87424a969f2289e8a7a5f,
        type: 3}
      propertyPath: m_LocalPosition.y
      value: -5.400201
      objectReference: {fileID: 0}
    - target: {fileID: -5333327699521447545, guid: 2542832c47c87424a969f2289e8a7a5f,
        type: 3}
      propertyPath: m_LocalPosition.z
      value: 186.6211
      objectReference: {fileID: 0}
    - target: {fileID: -5333327699521447545, guid: 2542832c47c87424a969f2289e8a7a5f,
        type: 3}
      propertyPath: m_LocalRotation.x
      value: -0
      objectReference: {fileID: 0}
    - target: {fileID: -5333327699521447545, guid: 2542832c47c87424a969f2289e8a7a5f,
        type: 3}
      propertyPath: m_LocalRotation.y
      value: -0
      objectReference: {fileID: 0}
    - target: {fileID: -5333327699521447545, guid: 2542832c47c87424a969f2289e8a7a5f,
        type: 3}
      propertyPath: m_LocalRotation.z
      value: -0
      objectReference: {fileID: 0}
    - target: {fileID: -5333327699521447545, guid: 2542832c47c87424a969f2289e8a7a5f,
        type: 3}
      propertyPath: m_LocalRotation.w
      value: 1
      objectReference: {fileID: 0}
    - target: {fileID: -5333327699521447545, guid: 2542832c47c87424a969f2289e8a7a5f,
        type: 3}
      propertyPath: m_RootOrder
      value: 1
      objectReference: {fileID: 0}
    - target: {fileID: -5333327699521447545, guid: 2542832c47c87424a969f2289e8a7a5f,
        type: 3}
      propertyPath: m_LocalEulerAnglesHint.x
      value: 0
      objectReference: {fileID: 0}
    - target: {fileID: -5333327699521447545, guid: 2542832c47c87424a969f2289e8a7a5f,
        type: 3}
      propertyPath: m_LocalEulerAnglesHint.y
      value: 0
      objectReference: {fileID: 0}
    - target: {fileID: -5333327699521447545, guid: 2542832c47c87424a969f2289e8a7a5f,
        type: 3}
      propertyPath: m_LocalEulerAnglesHint.z
      value: 0
      objectReference: {fileID: 0}
    - target: {fileID: -3791410343960534547, guid: 2542832c47c87424a969f2289e8a7a5f,
        type: 3}
      propertyPath: m_Bounds.m_Center.x
      value: -0.015700698
      objectReference: {fileID: 0}
    - target: {fileID: -3791410343960534547, guid: 2542832c47c87424a969f2289e8a7a5f,
        type: 3}
      propertyPath: m_Bounds.m_Center.y
      value: 0
      objectReference: {fileID: 0}
    - target: {fileID: -3791410343960534547, guid: 2542832c47c87424a969f2289e8a7a5f,
        type: 3}
      propertyPath: m_Bounds.m_Extent.x
      value: 1.8742995
      objectReference: {fileID: 0}
    - target: {fileID: -3791410343960534547, guid: 2542832c47c87424a969f2289e8a7a5f,
        type: 3}
      propertyPath: m_Bounds.m_Extent.y
      value: 1.675
      objectReference: {fileID: 0}
    - target: {fileID: -689938090231964226, guid: 2542832c47c87424a969f2289e8a7a5f,
        type: 3}
      propertyPath: m_Name
      value: Sts2J2nes
      objectReference: {fileID: 0}
    m_RemovedComponents: []
  m_SourcePrefab: {fileID: -2783080666073290268, guid: 2542832c47c87424a969f2289e8a7a5f,
    type: 3}
--- !u!1 &7480764618293769660 stripped
GameObject:
  m_CorrespondingSourceObject: {fileID: -689938090231964226, guid: 2542832c47c87424a969f2289e8a7a5f,
    type: 3}
  m_PrefabInstance: {fileID: 1278418934063933442}
  m_PrefabAsset: {fileID: 0}
--- !u!4 &2612630434206871941 stripped
Transform:
  m_CorrespondingSourceObject: {fileID: -5333327699521447545, guid: 2542832c47c87424a969f2289e8a7a5f,
    type: 3}
  m_PrefabInstance: {fileID: 1278418934063933442}
  m_PrefabAsset: {fileID: 0}
