%YAML 1.1
%TAG !u! tag:unity3d.com,2011:
--- !u!1 &1058902559927011803
GameObject:
  m_ObjectHideFlags: 0
  m_CorrespondingSourceObject: {fileID: 0}
  m_PrefabInstance: {fileID: 0}
  m_PrefabAsset: {fileID: 0}
  serializedVersion: 6
  m_Component:
  - component: {fileID: 1058902559927011796}
  m_Layer: 0
  m_Name: scene3
  m_TagString: Untagged
  m_Icon: {fileID: 0}
  m_NavMeshLayer: 0
  m_StaticEditorFlags: 0
  m_IsActive: 1
--- !u!4 &1058902559927011796
Transform:
  m_ObjectHideFlags: 0
  m_CorrespondingSourceObject: {fileID: 0}
  m_PrefabInstance: {fileID: 0}
  m_PrefabAsset: {fileID: 0}
  m_GameObject: {fileID: 1058902559927011803}
  m_LocalRotation: {x: 0, y: 0, z: 0, w: 1}
  m_LocalPosition: {x: 32.05, y: 0.05, z: 0}
  m_LocalScale: {x: 1, y: 1, z: 1}
  m_Children:
  - {fileID: 7107378868609914376}
  - {fileID: 4650573778136428538}
  m_Father: {fileID: 0}
  m_RootOrder: 0
  m_LocalEulerAnglesHint: {x: 0, y: 0, z: 0}
--- !u!95 &1058902559543751898
Animator:
  serializedVersion: 3
  m_ObjectHideFlags: 0
  m_CorrespondingSourceObject: {fileID: 0}
  m_PrefabInstance: {fileID: 0}
  m_PrefabAsset: {fileID: 0}
  m_GameObject: {fileID: 2669142997128540907}
  m_Enabled: 1
  m_Avatar: {fileID: 0}
  m_Controller: {fileID: 9100000, guid: aa2d1555309563d44b624722404188c6, type: 2}
  m_CullingMode: 0
  m_UpdateMode: 0
  m_ApplyRootMotion: 0
  m_LinearVelocityBlending: 0
  m_WarningMessage: 
  m_HasTransformHierarchy: 1
  m_AllowConstantClipSamplingOptimization: 1
  m_KeepAnimatorControllerStateOnDisable: 0
--- !u!95 &1058902561184346461
Animator:
  serializedVersion: 3
  m_ObjectHideFlags: 0
  m_CorrespondingSourceObject: {fileID: 0}
  m_PrefabInstance: {fileID: 0}
  m_PrefabAsset: {fileID: 0}
  m_GameObject: {fileID: 4180069453854627821}
  m_Enabled: 1
  m_Avatar: {fileID: 0}
  m_Controller: {fileID: 9100000, guid: e93c311fa01e2e24892999f20056245c, type: 2}
  m_CullingMode: 0
  m_UpdateMode: 0
  m_ApplyRootMotion: 0
  m_LinearVelocityBlending: 0
  m_WarningMessage: 
  m_HasTransformHierarchy: 1
  m_AllowConstantClipSamplingOptimization: 1
  m_KeepAnimatorControllerStateOnDisable: 0
--- !u!1001 &1058902559543751903
PrefabInstance:
  m_ObjectHideFlags: 0
  serializedVersion: 2
  m_Modification:
    m_TransformParent: {fileID: 1058902559927011796}
    m_Modifications:
    - target: {fileID: 3151192828471281204, guid: 563c9a85dd0102f478b4939dbf129a0e,
        type: 3}
      propertyPath: m_Name
      value: STS3Karu
      objectReference: {fileID: 0}
    - target: {fileID: 7787710190170137303, guid: 563c9a85dd0102f478b4939dbf129a0e,
        type: 3}
      propertyPath: m_LocalPosition.x
      value: -1.01
      objectReference: {fileID: 0}
    - target: {fileID: 7787710190170137303, guid: 563c9a85dd0102f478b4939dbf129a0e,
        type: 3}
      propertyPath: m_LocalPosition.y
      value: -8.93
      objectReference: {fileID: 0}
    - target: {fileID: 7787710190170137303, guid: 563c9a85dd0102f478b4939dbf129a0e,
        type: 3}
      propertyPath: m_LocalPosition.z
      value: 0
      objectReference: {fileID: 0}
    - target: {fileID: 7787710190170137303, guid: 563c9a85dd0102f478b4939dbf129a0e,
        type: 3}
      propertyPath: m_LocalRotation.x
      value: -0
      objectReference: {fileID: 0}
    - target: {fileID: 7787710190170137303, guid: 563c9a85dd0102f478b4939dbf129a0e,
        type: 3}
      propertyPath: m_LocalRotation.y
      value: -0
      objectReference: {fileID: 0}
    - target: {fileID: 7787710190170137303, guid: 563c9a85dd0102f478b4939dbf129a0e,
        type: 3}
      propertyPath: m_LocalRotation.z
      value: -0
      objectReference: {fileID: 0}
    - target: {fileID: 7787710190170137303, guid: 563c9a85dd0102f478b4939dbf129a0e,
        type: 3}
      propertyPath: m_LocalRotation.w
      value: 1
      objectReference: {fileID: 0}
    - target: {fileID: 7787710190170137303, guid: 563c9a85dd0102f478b4939dbf129a0e,
        type: 3}
      propertyPath: m_RootOrder
      value: 0
      objectReference: {fileID: 0}
    - target: {fileID: 7787710190170137303, guid: 563c9a85dd0102f478b4939dbf129a0e,
        type: 3}
      propertyPath: m_LocalEulerAnglesHint.x
      value: 0
      objectReference: {fileID: 0}
    - target: {fileID: 7787710190170137303, guid: 563c9a85dd0102f478b4939dbf129a0e,
        type: 3}
      propertyPath: m_LocalEulerAnglesHint.y
      value: 0
      objectReference: {fileID: 0}
    - target: {fileID: 7787710190170137303, guid: 563c9a85dd0102f478b4939dbf129a0e,
        type: 3}
      propertyPath: m_LocalEulerAnglesHint.z
      value: 0
      objectReference: {fileID: 0}
    m_RemovedComponents: []
  m_SourcePrefab: {fileID: -7330089446763102979, guid: 563c9a85dd0102f478b4939dbf129a0e,
    type: 3}
--- !u!1 &2669142997128540907 stripped
GameObject:
  m_CorrespondingSourceObject: {fileID: 3151192828471281204, guid: 563c9a85dd0102f478b4939dbf129a0e,
    type: 3}
  m_PrefabInstance: {fileID: 1058902559543751903}
  m_PrefabAsset: {fileID: 0}
--- !u!4 &7107378868609914376 stripped
Transform:
  m_CorrespondingSourceObject: {fileID: 7787710190170137303, guid: 563c9a85dd0102f478b4939dbf129a0e,
    type: 3}
  m_PrefabInstance: {fileID: 1058902559543751903}
  m_PrefabAsset: {fileID: 0}
--- !u!1001 &1058902561184347810
PrefabInstance:
  m_ObjectHideFlags: 0
  serializedVersion: 2
  m_Modification:
    m_TransformParent: {fileID: 1058902559927011796}
    m_Modifications:
    - target: {fileID: -2594834378879199286, guid: 8f8e159d94a2dd94fbdfc50087bb2d09,
        type: 3}
      propertyPath: m_Name
      value: sts3
      objectReference: {fileID: 0}
    - target: {fileID: 5637330749892172120, guid: 8f8e159d94a2dd94fbdfc50087bb2d09,
        type: 3}
      propertyPath: m_LocalPosition.x
      value: 0
      objectReference: {fileID: 0}
    - target: {fileID: 5637330749892172120, guid: 8f8e159d94a2dd94fbdfc50087bb2d09,
        type: 3}
      propertyPath: m_LocalPosition.y
      value: 0
      objectReference: {fileID: 0}
    - target: {fileID: 5637330749892172120, guid: 8f8e159d94a2dd94fbdfc50087bb2d09,
        type: 3}
      propertyPath: m_LocalPosition.z
      value: 0
      objectReference: {fileID: 0}
    - target: {fileID: 5637330749892172120, guid: 8f8e159d94a2dd94fbdfc50087bb2d09,
        type: 3}
      propertyPath: m_LocalRotation.x
      value: 0
      objectReference: {fileID: 0}
    - target: {fileID: 5637330749892172120, guid: 8f8e159d94a2dd94fbdfc50087bb2d09,
        type: 3}
      propertyPath: m_LocalRotation.y
      value: 0
      objectReference: {fileID: 0}
    - target: {fileID: 5637330749892172120, guid: 8f8e159d94a2dd94fbdfc50087bb2d09,
        type: 3}
      propertyPath: m_LocalRotation.z
      value: 0
      objectReference: {fileID: 0}
    - target: {fileID: 5637330749892172120, guid: 8f8e159d94a2dd94fbdfc50087bb2d09,
        type: 3}
      propertyPath: m_LocalRotation.w
      value: 1
      objectReference: {fileID: 0}
    - target: {fileID: 5637330749892172120, guid: 8f8e159d94a2dd94fbdfc50087bb2d09,
        type: 3}
      propertyPath: m_RootOrder
      value: 1
      objectReference: {fileID: 0}
    - target: {fileID: 5637330749892172120, guid: 8f8e159d94a2dd94fbdfc50087bb2d09,
        type: 3}
      propertyPath: m_LocalEulerAnglesHint.x
      value: 0
      objectReference: {fileID: 0}
    - target: {fileID: 5637330749892172120, guid: 8f8e159d94a2dd94fbdfc50087bb2d09,
        type: 3}
      propertyPath: m_LocalEulerAnglesHint.y
      value: 0
      objectReference: {fileID: 0}
    - target: {fileID: 5637330749892172120, guid: 8f8e159d94a2dd94fbdfc50087bb2d09,
        type: 3}
      propertyPath: m_LocalEulerAnglesHint.z
      value: 0
      objectReference: {fileID: 0}
    - target: {fileID: 3400014661446015355, guid: 8f8e159d94a2dd94fbdfc50087bb2d09,
        type: 3}
      propertyPath: m_LocalPosition.y
      value: 0
      objectReference: {fileID: 0}
    - target: {fileID: 1188547680806164670, guid: 8f8e159d94a2dd94fbdfc50087bb2d09,
        type: 3}
      propertyPath: m_LocalPosition.y
      value: 1.35
      objectReference: {fileID: 0}
    m_RemovedComponents: []
  m_SourcePrefab: {fileID: 6130883635657856826, guid: 8f8e159d94a2dd94fbdfc50087bb2d09,
    type: 3}
--- !u!4 &4650573778136428538 stripped
Transform:
  m_CorrespondingSourceObject: {fileID: 5637330749892172120, guid: 8f8e159d94a2dd94fbdfc50087bb2d09,
    type: 3}
  m_PrefabInstance: {fileID: 1058902561184347810}
  m_PrefabAsset: {fileID: 0}
--- !u!1 &4180069453854627821 stripped
GameObject:
  m_CorrespondingSourceObject: {fileID: 3797499039265825103, guid: 8f8e159d94a2dd94fbdfc50087bb2d09,
    type: 3}
  m_PrefabInstance: {fileID: 1058902561184347810}
  m_PrefabAsset: {fileID: 0}
